@article{Miville_Deschenes_2005,
  doi = {10.1086/427938},
  url = {http://dx.doi.org/10.1086/427938},
  year = {2005},
  month = {apr},
  publisher = {{IOP} Publishing},
  volume = {157},
  number = {2},
  pages = {302--323},
  author = {Marc-Antoine Miville-Deschenes and Guilaine Lagache},
  title = {{{IRIS}: A New Generation of {IRAS} Maps}},
  journal = {{ASTROPHYS} J {SUPPL} S},
}


@article{Lombardi_2009,
  doi = {10.1051/0004-6361:200810519},
  url = {http://dx.doi.org/10.1051/0004-6361:200810519},
  year = {2009},
  month = {jan},
  publisher = {{EDP} Sciences},
  volume = {493},
  number = {2},
  pages = {735--745},
  author = {M. Lombardi},
  title = {{nicest  a near-infrared color excess method tailored to small-scale structures}},
  journal = {Astronomy and Astrophysics},
}


@article{Lombardi_2001,
  doi = {10.1051/0004-6361:20011099},
  url = {http://dx.doi.org/10.1051/0004-6361:20011099},
  year = {2001},
  month = {oct},
  publisher = {{EDP} Sciences},
  volume = {377},
  number = {3},
  pages = {1023--1034},
  author = {M. Lombardi and J. Alves},
  title = {{Mapping the interstellar dust with near-infrared observations: An optimized multi-band technique}},
  journal = {Astronomy and Astrophysics},
}


@article{Lombardi_2005,
  doi = {10.1051/0004-6361:20042267},
  url = {http://dx.doi.org/10.1051/0004-6361:20042267},
  year = {2005},
  month = {jul},
  publisher = {{EDP} Sciences},
  volume = {438},
  number = {1},
  pages = {169--185},
  author = {M. Lombardi},
  title = {{Optimal column density measurements from multiband near-infrared observations}},
  journal = {Astronomy and Astrophysics},
}


@article{Neugebauer_1984,
  doi = {10.1086/184209},
  url = {http://dx.doi.org/10.1086/184209},
  year = {1984},
  month = {mar},
  publisher = {{IOP} Publishing},
  volume = {278},
  pages = {L1},
  author = {G. Neugebauer and H. J. Habing and R. van Duinen and H. H. Aumann and B. Baud and C. A. Beichman and D. A. Beintema and N. Boggess and P. E. Clegg and T. de Jong and J. P. Emerson and T. N. Gautier and F. C. Gillett and S. Harris and M. G. Hauser and J. R. Houck and R. E. Jennings and F. J. Low and P. L. Marsden and G. Miley and F. M. Olnon and S. R. Pottasch and E. Raimond and M. Rowan-Robinson and B. T. Soifer and R. G. Walker and P. R. Wesselius and E. Young},
  title = {{The Infrared Astronomical Satellite ({IRAS}) mission}},
  journal = {{ApJL}},
}


@article{Schnee_2006,
  doi = {10.1086/503292},
  url = {http://dx.doi.org/10.1086/503292},
  year = {2006},
  month = {mar},
  publisher = {{IOP} Publishing},
  volume = {640},
  number = {1},
  pages = {L47--L50},
  author = {S. Schnee and T. Bethell and A. Goodman},
  title = {{Estimating the Column Density in Molecular Clouds with Far-Infrared and Submillimeter Emission Maps}},
  journal = {{ApJL}},
}


@article{Schnee_2007,
  doi = {10.1086/511054},
  url = {http://dx.doi.org/10.1086/511054},
  year = {2007},
  month = {mar},
  publisher = {{IOP} Publishing},
  volume = {657},
  number = {2},
  pages = {838--848},
  author = {S. Schnee and J. Kauffmann and A. Goodman and F. Bertoldi},
  title = {{The Effect of Noise in Dust Emission Maps on the Derivation of Column Density Temperature, and Emissivity Spectral Index}},
  journal = {{ApJ}},
}

@article{Ridge_2006,
  doi = {10.1086/503704},
  url = {http://dx.doi.org/10.1086/503704},
  year = {2006},
  month = {jun},
  publisher = {{IOP} Publishing},
  volume = {131},
  number = {6},
  pages = {2921--2933},
  author = {Naomi A. Ridge and James Di Francesco and Helen Kirk and Di Li and Alyssa A. Goodman and Jo{\~{a}}o F. Alves and H{\&#x27;{e}}ctor G. Arce and Michelle A. Borkin and Paola Caselli and Jonathan B. Foster and Mark H. Heyer and Doug Johnstone and David A. Kosslyn and Marco Lombardi and Jaime E. Pineda and Scott L. Schnee and Mario Tafalla},
  title = {{The {COMPLETE} Survey of Star-Forming Regions: Phase I Data}},
  journal = {{AJ}},
}


@article{Carey_1998,
  doi = {10.1086/306438},
  url = {http://dx.doi.org/10.1086/306438},
  year = {1998},
  month = {dec},
  publisher = {{IOP} Publishing},
  volume = {508},
  number = {2},
  pages = {721--728},
  author = {Sean J. Carey and F. O. Clark and M. P. Egan and S. D. Price and R. F. Shipman and T. A. Kuchar},
  title = {{The Physical Properties of the Midcourse Space Experiment Galactic Infrared-dark Clouds}},
  journal = {{ApJ}},
}


@article{Pillai_2006,
  doi = {10.1051/0004-6361:20054128},
  url = {http://dx.doi.org/10.1051/0004-6361:20054128},
  year = {2006},
  month = {may},
  publisher = {{EDP} Sciences},
  volume = {450},
  number = {2},
  pages = {569--583},
  author = {T. Pillai and F. Wyrowski and S. J. Carey and K. M. Menten},
  title = {{Ammonia in infrared dark clouds}},
  journal = {Astronomy and Astrophysics},
}


@article{Draine_2003,
  doi = {10.1146/annurev.astro.41.011802.094840},
  url = {http://dx.doi.org/10.1146/annurev.astro.41.011802.094840},
  year = {2003},
  month = {sep},
  publisher = {Annual Reviews},
  volume = {41},
  number = {1},
  pages = {241--289},
  author = {B.T. Draine},
  title = {{I {NTERSTELLAR} D {UST} G {RAINS}}},
  journal = {Annual Review of Astronomy and Astrophysics},
}


@article{Evans_2009,
  doi = {10.1088/0067-0049/181/2/321},
  url = {http://dx.doi.org/10.1088/0067-0049/181/2/321},
  year = {2009},
  month = {mar},
  publisher = {{IOP} Publishing},
  volume = {181},
  number = {2},
  pages = {321--350},
  author = {Neal J. Evans and Michael M. Dunham and Jes K. J{\o}rgensen and Melissa L. Enoch and Bruno Mer{\'{\i}}n and Ewine F. van Dishoeck and Juan M. Alcal{\'{a}} and Philip C. Myers and Karl R. Stapelfeldt and Tracy L. Huard and Lori E. Allen and Paul M. Harvey and Tim van Kempen and Geoffrey A. Blake and David W. Koerner and Lee G. Mundy and Deborah L. Padgett and Anneila I. Sargent},
  title = {{{THE} {SPITZER} c2d {LEGACY} {RESULTS}: {STAR}-{FORMATION} {RATES} {AND} {EFFICIENCIES}$\mathsemicolon$ {EVOLUTION} {AND} {LIFETIMES}}},
  journal = {{ApJS}},
}


@article{Bohlin_1978,
  doi = {10.1086/156357},
  url = {http://dx.doi.org/10.1086/156357},
  year = {1978},
  month = {aug},
  publisher = {{IOP} Publishing},
  volume = {224},
  pages = {132},
  author = {R. C. Bohlin and B. D. Savage and J. F. Drake},
  title = {{A survey of interstellar H I from L-alpha absorption measurements. {II}}},
  journal = {{ApJL}},
}


@article{Schnee_2008,
  doi = {10.1086/590375},
  url = {http://dx.doi.org/10.1086/590375},
  year = {2008},
  month = {sep},
  publisher = {{IOP} Publishing},
  volume = {684},
  number = {2},
  pages = {1228--1239},
  author = {S. Schnee and J. Li and A. A. Goodman and A. I. Sargent},
  title = {{Dust Emission from the Perseus Molecular Cloud}},
  journal = {Astrophysical Journal},
}


@article{Pineda_2008,
  doi = {10.1086/586883},
  url = {http://dx.doi.org/10.1086/586883},
  year = {2008},
  month = {may},
  publisher = {{IOP} Publishing},
  volume = {679},
  number = {1},
  pages = {481--496},
  author = {Jaime E. Pineda and Paola Caselli and Alyssa A. Goodman},
  title = {{{CO} Isotopologues in the Perseus Molecular Cloud Complex: the X -factor and Regional Variations}},
  journal = {{ApJ}},
}


@article{Stepnik_2003,
  doi = {10.1051/0004-6361:20021309},
  url = {http://dx.doi.org/10.1051/0004-6361:20021309},
  year = {2003},
  month = {feb},
  publisher = {{EDP} Sciences},
  volume = {398},
  number = {2},
  pages = {551--563},
  author = {B. Stepnik and A. Abergel and J.-P. Bernard and F. Boulanger and L. Cambrï¿½sy and M. Giard and A. P. Jones and G. Lagache and J.-M. Lamarre and C. Meny and F. Pajot and F. Le Peintre and I. Ristorcelli and G. Serra and J.-P. Torre},
  title = {{Evolution of dust properties in an interstellar filament}},
  journal = {Astronomy and Astrophysics},
}


@article{Kelly_2012,
  doi = {10.1088/0004-637x/752/1/55},
  url = {http://dx.doi.org/10.1088/0004-637X/752/1/55},
  year = {2012},
  month = {may},
  publisher = {{IOP} Publishing},
  volume = {752},
  number = {1},
  pages = {55},
  author = {Brandon C. Kelly and Rahul Shetty and Amelia M. Stutz and Jens Kauffmann and Alyssa A. Goodman and Ralf Launhardt},
  title = {{{DUST} {SPECTRAL} {ENERGY} {DISTRIBUTIONS} {IN} {THE} {ERA} {OF} {HERSCHEL} {AND} {PLANCK} : A {HIERARCHICAL} {BAYESIAN}-{FITTING} {TECHNIQUE}}},
  journal = {{ApJ}},
}


@article{Finkbeiner_1999,
  doi = {10.1086/307852},
  url = {http://dx.doi.org/10.1086/307852},
  year = {1999},
  month = {oct},
  publisher = {{IOP} Publishing},
  volume = {524},
  number = {2},
  pages = {867--886},
  author = {Douglas P. Finkbeiner and Marc Davis and David J. Schlegel},
  title = {{Extrapolation of Galactic Dust Emission at 100 Microns to Cosmic Microwave Background Radiation Frequencies Using {FIRAS}}},
  journal = {{ApJ}},
}

@ARTICLE{Meisner_2015,
   author = {{Meisner}, A.~M. and {Finkbeiner}, D.~P.},
    title = "{Modeling Thermal Dust Emission with Two Components: Application to the Planck High Frequency Instrument Maps}",
  journal = {\apj},
archivePrefix = "arXiv",
   eprint = {1410.7523},
 keywords = {dust, extinction, infrared: ISM, submillimeter: ISM},
     year = 2015,
    month = jan,
   volume = 798,
      eid = {88},
    pages = {88},
      doi = {10.1088/0004-637X/798/2/88},
   adsurl = {http://adsabs.harvard.edu/abs/2015ApJ...798...88M},
  adsnote = {Provided by the SAO/NASA Astrophysics Data System}
}

@ARTICLE{Arce_2011,
   author = {{Arce}, H.~G. and {Borkin}, M.~A. and {Goodman}, A.~A. and {Pineda}, J.~E. and 
	{Beaumont}, C.~N.},
    title = "{A Bubbling Nearby Molecular Cloud: COMPLETE Shells in Perseus}",
  journal = {\apj},
archivePrefix = "arXiv",
   eprint = {1109.3368},
 primaryClass = "astro-ph.SR",
 keywords = {ISM: bubbles, ISM: individual objects: Perseus, stars: formation, stars: pre-main sequence, stars: winds, outflows, turbulence},
     year = 2011,
    month = dec,
   volume = 742,
      eid = {105},
    pages = {105},
      doi = {10.1088/0004-637X/742/2/105},
   adsurl = {http://adsabs.harvard.edu/abs/2011ApJ...742..105A},
  adsnote = {Provided by the SAO/NASA Astrophysics Data System}
}

@ARTICLE{Bontemps_1996,
   author = {{Bontemps}, S. and {Andre}, P. and {Terebey}, S. and {Cabrit}, S.
	},
    title = "{Evolution of outflow activity around low-mass embedded young stellar objects}",
  journal = {\aap},
 keywords = {STARS: FORMATION, ISM: JETS AND OUTFLOWS, RADIO LINES: ISM, STARS: PRE-MAIN SEQUENCE, RADIO LINES: STARS},
     year = 1996,
    month = jul,
   volume = 311,
    pages = {858-872},
   adsurl = {http://adsabs.harvard.edu/abs/1996A%26A...311..858B},
  adsnote = {Provided by the SAO/NASA Astrophysics Data System}
}

@ARTICLE{Arce_2006,
   author = {{Arce}, H.~G. and {Sargent}, A.~I.},
    title = "{The Evolution of Outflow-Envelope Interactions in Low-Mass Protostars}",
  journal = {\apj},
   eprint = {astro-ph/0605139},
 keywords = {ISM: Evolution, ISM: Jets and Outflows, ISM: Molecules, Stars: Formation, Stars: Pre-Main-Sequence},
     year = 2006,
    month = aug,
   volume = 646,
    pages = {1070-1085},
      doi = {10.1086/505104},
   adsurl = {http://adsabs.harvard.edu/abs/2006ApJ...646.1070A},
  adsnote = {Provided by the SAO/NASA Astrophysics Data System}
}

@ARTICLE{Norman_1980,
   author = {{Norman}, C. and {Silk}, J.},
    title = "{Clumpy molecular clouds - A dynamic model self-consistently regulated by T Tauri star formation}",
  journal = {\apj},
 keywords = {Dynamic Models, Interstellar Gas, Molecular Gases, Nebulae, Star Formation, T Tauri Stars, Abundance, Clumps, Jeans Theory, Main Sequence Stars, O Stars, Protostars, Stellar Mass, Stellar Winds, Two Phase Flow, Ultraviolet Radiation},
     year = 1980,
    month = may,
   volume = 238,
    pages = {158-174},
      doi = {10.1086/157969},
   adsurl = {http://adsabs.harvard.edu/abs/1980ApJ...238..158N},
  adsnote = {Provided by the SAO/NASA Astrophysics Data System}
}

@ARTICLE{Arce_2010,
   author = {{Arce}, H.~G. and {Borkin}, M.~A. and {Goodman}, A.~A. and {Pineda}, J.~E. and 
	{Halle}, M.~W.},
    title = "{The COMPLETE Survey of Outflows in Perseus}",
  journal = {\apj},
archivePrefix = "arXiv",
   eprint = {1005.1714},
 primaryClass = "astro-ph.SR",
 keywords = {ISM: clouds, ISM: individual objects: Perseus, ISM: jets and outflows, ISM: kinematics and dynamics, stars: formation, turbulence},
     year = 2010,
    month = jun,
   volume = 715,
    pages = {1170-1190},
      doi = {10.1088/0004-637X/715/2/1170},
   adsurl = {http://adsabs.harvard.edu/abs/2010ApJ...715.1170A},
  adsnote = {Provided by the SAO/NASA Astrophysics Data System}
}

@ARTICLE{Churchwell_2006,
   author = {{Churchwell}, E. and {Povich}, M.~S. and {Allen}, D. and {Taylor}, M.~G. and 
	{Meade}, M.~R. and {Babler}, B.~L. and {Indebetouw}, R. and 
	{Watson}, C. and {Whitney}, B.~A. and {Wolfire}, M.~G. and {Bania}, T.~M. and 
	{Benjamin}, R.~A. and {Clemens}, D.~P. and {Cohen}, M. and {Cyganowski}, C.~J. and 
	{Jackson}, J.~M. and {Kobulnicky}, H.~A. and {Mathis}, J.~S. and 
	{Mercer}, E.~P. and {Stolovy}, S.~R. and {Uzpen}, B. and {Watson}, D.~F. and 
	{Wolff}, M.~J.},
    title = "{The Bubbling Galactic Disk}",
  journal = {\apj},
 keywords = {ISM: H II Regions, ISM: Bubbles},
     year = 2006,
    month = oct,
   volume = 649,
    pages = {759-778},
      doi = {10.1086/507015},
   adsurl = {http://adsabs.harvard.edu/abs/2006ApJ...649..759C},
  adsnote = {Provided by the SAO/NASA Astrophysics Data System}
}

@ARTICLE{Churchwell_2007,
   author = {{Churchwell}, E. and {Watson}, D.~F. and {Povich}, M.~S. and 
	{Taylor}, M.~G. and {Babler}, B.~L. and {Meade}, M.~R. and {Benjamin}, R.~A. and 
	{Indebetouw}, R. and {Whitney}, B.~A.},
    title = "{The Bubbling Galactic Disk. II. The Inner 20{\deg}}",
  journal = {\apj},
 keywords = {ISM: H II Regions, ISM: Bubbles, Stars: Formation},
     year = 2007,
    month = nov,
   volume = 670,
    pages = {428-441},
      doi = {10.1086/521646},
   adsurl = {http://adsabs.harvard.edu/abs/2007ApJ...670..428C},
  adsnote = {Provided by the SAO/NASA Astrophysics Data System}
}

@ARTICLE{Beaumont_2010,
   author = {{Beaumont}, C.~N. and {Williams}, J.~P.},
    title = "{Molecular Rings Around Interstellar Bubbles and the Thickness of Star-Forming Clouds}",
  journal = {\apj},
archivePrefix = "arXiv",
   eprint = {0912.1852},
 keywords = {H II regions, ISM: kinematics and dynamics, stars: formation},
     year = 2010,
    month = feb,
   volume = 709,
    pages = {791-800},
      doi = {10.1088/0004-637X/709/2/791},
   adsurl = {http://adsabs.harvard.edu/abs/2010ApJ...709..791B},
  adsnote = {Provided by the SAO/NASA Astrophysics Data System}
}

@ARTICLE{Goodman_2009,
   author = {{Goodman}, A.~A. and {Pineda}, J.~E. and {Schnee}, S.~L.},
    title = "{The ''True'' Column Density Distribution in Star-Forming Molecular Clouds}",
  journal = {\apj},
archivePrefix = "arXiv",
   eprint = {0806.3441},
 keywords = {dust, extinction, ISM: abundances, ISM: individual: Perseus molecular complex, ISM: molecules},
     year = 2009,
    month = feb,
   volume = 692,
    pages = {91-103},
      doi = {10.1088/0004-637X/692/1/91},
   adsurl = {http://adsabs.harvard.edu/abs/2009ApJ...692...91G},
  adsnote = {Provided by the SAO/NASA Astrophysics Data System}
}

@ARTICLE{Lombardi_2008,
   author = {{Lombardi}, M. and {Lada}, C.~J. and {Alves}, J.},
    title = "{2MASS wide field extinction maps. II. The Ophiuchus and the Lupus cloud complexes}",
  journal = {\aap},
archivePrefix = "arXiv",
   eprint = {0809.3740},
 keywords = {ISM: clouds, ISM: dust, extinction, ISM: structure, ISM:, individual objects: Pipe molecular complex, methods: data analysis},
     year = 2008,
    month = oct,
   volume = 489,
    pages = {143-156},
      doi = {10.1051/0004-6361:200810070},
   adsurl = {http://adsabs.harvard.edu/abs/2008A%26A...489..143L},
  adsnote = {Provided by the SAO/NASA Astrophysics Data System}
}

@ARTICLE{van_Leeuwen_2007,
   author = {{van Leeuwen}, F.},
    title = "{Validation of the new Hipparcos reduction}",
  journal = {\aap},
archivePrefix = "arXiv",
   eprint = {0708.1752},
 keywords = {space vehicles: instruments, methods: data analysis, catalogs, astrometry, instrumentation: miscellaneous},
     year = 2007,
    month = nov,
   volume = 474,
    pages = {653-664},
      doi = {10.1051/0004-6361:20078357},
   adsurl = {http://adsabs.harvard.edu/abs/2007A%26A...474..653V},
  adsnote = {Provided by the SAO/NASA Astrophysics Data System}
}

@ARTICLE{Cordiner_2013,
   author = {{Cordiner}, M.~A. and {Fossey}, S.~J. and {Smith}, A.~M. and 
	{Sarre}, P.~J.},
    title = "{Small-scale Structure of the Interstellar Medium toward {$\rho$} Oph Stars: Diffuse Band Observations}",
  journal = {\apjl},
archivePrefix = "arXiv",
   eprint = {1301.6167},
 primaryClass = "astro-ph.GA",
 keywords = {ISM: clouds, ISM: lines and bands, ISM: structure, stars: individual: rho Oph },
     year = 2013,
    month = feb,
   volume = 764,
      eid = {L10},
    pages = {L10},
      doi = {10.1088/2041-8205/764/1/L10},
   adsurl = {http://adsabs.harvard.edu/abs/2013ApJ...764L..10C},
  adsnote = {Provided by the SAO/NASA Astrophysics Data System}
}

@ARTICLE{Arce_2001,
   author = {{Arce}, H.~G. and {Goodman}, A.~A.},
    title = "{The Episodic, Precessing Giant Molecular Outflow from IRAS 04239+2436 (HH 300)}",
  journal = {\apj},
   eprint = {astro-ph/0103482},
 keywords = {ISM: Clouds, ISM: Herbig-Haro Objects, ISM: individual (B18, HH 300), ISM: Jets and Outflows, Stars: Formation},
     year = 2001,
    month = jun,
   volume = 554,
    pages = {132-151},
      doi = {10.1086/321334},
   adsurl = {http://adsabs.harvard.edu/abs/2001ApJ...554..132A},
  adsnote = {Provided by the SAO/NASA Astrophysics Data System}
}

@ARTICLE{McKee_1989,
   author = {{McKee}, C.~F.},
    title = "{Photoionization-regulated star formation and the structure of molecular clouds}",
  journal = {\apj},
 keywords = {Interstellar Matter, Molecular Clouds, Photoionization, Star Formation, Density Distribution, Milky Way Galaxy, Ultraviolet Radiation},
     year = 1989,
    month = oct,
   volume = 345,
    pages = {782-801},
      doi = {10.1086/167950},
   adsurl = {http://adsabs.harvard.edu/abs/1989ApJ...345..782M},
  adsnote = {Provided by the SAO/NASA Astrophysics Data System}
}

@ARTICLE{Andre_2010,
   author = {{Andr{\'e}}, P. and {Men'shchikov}, A. and {Bontemps}, S. and 
	{K{\"o}nyves}, V. and {Motte}, F. and {Schneider}, N. and {Didelon}, P. and 
	{Minier}, V. and {Saraceno}, P. and {Ward-Thompson}, D. and 
	{di Francesco}, J. and {White}, G. and {Molinari}, S. and {Testi}, L. and 
	{Abergel}, A. and {Griffin}, M. and {Henning}, T. and {Royer}, P. and 
	{Mer{\'{\i}}n}, B. and {Vavrek}, R. and {Attard}, M. and {Arzoumanian}, D. and 
	{Wilson}, C.~D. and {Ade}, P. and {Aussel}, H. and {Baluteau}, J.-P. and 
	{Benedettini}, M. and {Bernard}, J.-P. and {Blommaert}, J.~A.~D.~L. and 
	{Cambr{\'e}sy}, L. and {Cox}, P. and {di Giorgio}, A. and {Hargrave}, P. and 
	{Hennemann}, M. and {Huang}, M. and {Kirk}, J. and {Krause}, O. and 
	{Launhardt}, R. and {Leeks}, S. and {Le Pennec}, J. and {Li}, J.~Z. and 
	{Martin}, P.~G. and {Maury}, A. and {Olofsson}, G. and {Omont}, A. and 
	{Peretto}, N. and {Pezzuto}, S. and {Prusti}, T. and {Roussel}, H. and 
	{Russeil}, D. and {Sauvage}, M. and {Sibthorpe}, B. and {Sicilia-Aguilar}, A. and 
	{Spinoglio}, L. and {Waelkens}, C. and {Woodcraft}, A. and {Zavagno}, A.
	},
    title = "{From filamentary clouds to prestellar cores to the stellar IMF: Initial highlights from the Herschel Gould Belt Survey}",
  journal = {\aap},
archivePrefix = "arXiv",
   eprint = {1005.2618},
 keywords = {stars: formation, circumstellar matter, ISM: clouds, ISM: structure, submillimeter: ISM},
     year = 2010,
    month = jul,
   volume = 518,
      eid = {L102},
    pages = {L102},
      doi = {10.1051/0004-6361/201014666},
   adsurl = {http://adsabs.harvard.edu/abs/2010A%26A...518L.102A},
  adsnote = {Provided by the SAO/NASA Astrophysics Data System}
}

@ARTICLE{Planck_2014,
   author = {{Planck Collaboration} and {Abergel}, A. and {Ade}, P.~A.~R. and 
	{Aghanim}, N. and {Alves}, M.~I.~R. and {Aniano}, G. and {Armitage-Caplan}, C. and 
	{Arnaud}, M. and {Ashdown}, M. and {Atrio-Barandela}, F. and et al.},
    title = "{Planck 2013 results. XI. All-sky model of thermal dust emission}",
  journal = {\aap},
archivePrefix = "arXiv",
   eprint = {1312.1300},
 keywords = {methods: data analysis, ISM: general, dust, extinction, infrared: ISM, submillimeter: ISM, opacity},
     year = 2014,
    month = nov,
   volume = 571,
      eid = {A11},
    pages = {A11},
      doi = {10.1051/0004-6361/201323195},
   adsurl = {http://adsabs.harvard.edu/abs/2014A%26A...571A..11P},
  adsnote = {Provided by the SAO/NASA Astrophysics Data System}
}

@ARTICLE{Meisner_2014,
   author = {{Meisner}, A.~M. and {Finkbeiner}, D.~P.},
    title = "{A Full-sky, High-resolution Atlas of Galactic 12 {$\mu$}m Dust Emission with WISE}",
  journal = {\apj},
archivePrefix = "arXiv",
   eprint = {1312.0947},
 primaryClass = "astro-ph.IM",
 keywords = {dust, extinction, infrared: ISM, ISM: structure },
     year = 2014,
    month = jan,
   volume = 781,
      eid = {5},
    pages = {5},
      doi = {10.1088/0004-637X/781/1/5},
   adsurl = {http://adsabs.harvard.edu/abs/2014ApJ...781....5M},
  adsnote = {Provided by the SAO/NASA Astrophysics Data System}
}

